<record><leader>00000cas a22000007a 4500</leader><controlfield tag="001">15355823</controlfield><controlfield tag="008">870323c19109999pauwr ne      0    0eng d</controlfield><datafield ind1=" " ind2=" " tag="010"><subfield code="a">sn 87080249 </subfield></datafield><datafield ind1=" " ind2=" " tag="040"><subfield code="a">NPH</subfield><subfield code="b">eng</subfield><subfield code="c">NPH</subfield><subfield code="d">OCLCQ</subfield></datafield><datafield ind1=" " ind2=" " tag="042"><subfield code="a">msc</subfield></datafield><datafield ind1="0" ind2="4" tag="245"><subfield code="a">The Cosmopolite herald.</subfield></datafield><datafield ind1=" " ind2=" " tag="260"><subfield code="a">Girard, Erie Co., Pa. :</subfield><subfield code="b">Armour &amp; Sherman,</subfield><subfield code="c">1910-</subfield></datafield><datafield ind1=" " ind2=" " tag="300"><subfield code="a">v. :</subfield><subfield code="b">ill.</subfield></datafield><datafield ind1=" " ind2=" " tag="310"><subfield code="a">Weekly</subfield></datafield><datafield ind1="0" ind2=" " tag="362"><subfield code="a">Vol. 1, no. 1 (Dec. 2, 1910)-</subfield></datafield><datafield ind1=" " ind2=" " tag="500"><subfield code="a">Serves "Girard-Fairview-Lake City," &lt;1964&gt;</subfield></datafield><datafield ind1=" " ind2=" " tag="500"><subfield code="a">Published in Albion, Pa. &lt;1945&gt;; Union City, Pa. &lt;1956-&gt;</subfield></datafield><datafield ind1=" " ind2=" " tag="752"><subfield code="a">United States</subfield><subfield code="b">Pennsylvania</subfield><subfield code="c">Erie</subfield><subfield code="d">Girard.</subfield></datafield><datafield ind1="0" ind2="4" tag="780"><subfield code="t">Girard cosmopolite</subfield><subfield code="w">(DLC)sn 87079934</subfield></datafield><datafield ind1="0" ind2="4" tag="780"><subfield code="t">Girard herald</subfield><subfield code="w">(DLC)sn 89077580</subfield></datafield></record>